<record><leader>00000cas a22000007a 4500</leader><controlfield tag="001">13811673</controlfield><controlfield tag="008">860702d19711975mtuwr ne      0    0eng d</controlfield><datafield ind1=" " ind2=" " tag="010"><subfield code="a">sn 86075252 </subfield></datafield><datafield ind1=" " ind2=" " tag="040"><subfield code="a">MTL</subfield><subfield code="b">eng</subfield><subfield code="c">MTL</subfield><subfield code="d">OCLCQ</subfield></datafield><datafield ind1=" " ind2=" " tag="042"><subfield code="a">msc</subfield></datafield><datafield ind1="0" ind2=" " tag="130"><subfield code="a">Independent tribune (Hinsdale, Mont.)</subfield></datafield><datafield ind1="1" ind2="0" tag="245"><subfield code="a">Independent tribune.</subfield></datafield><datafield ind1=" " ind2=" " tag="260"><subfield code="a">Hinsdale, Mont. :</subfield><subfield code="b">[Z.J. Tolletson],</subfield><subfield code="c">1971-1975.</subfield></datafield><datafield ind1=" " ind2=" " tag="300"><subfield code="a">4 v. :</subfield><subfield code="b">ill. ;</subfield><subfield code="c">56 cm.</subfield></datafield><datafield ind1=" " ind2=" " tag="310"><subfield code="a">Weekly</subfield></datafield><datafield ind1="0" ind2=" " tag="362"><subfield code="a">Vol. 1, no. 1 (Dec. 23, 1971)-v. 4, no. 33 (Aug. 27, 1975).</subfield></datafield><datafield ind1=" " ind2=" " tag="580"><subfield code="a">Formed by the union of: Hinsdale tribune, and: Saco independent.</subfield></datafield><datafield ind1=" " ind2=" " tag="752"><subfield code="a">United States</subfield><subfield code="b">Montana</subfield><subfield code="c">Valley</subfield><subfield code="d">Hinsdale.</subfield></datafield><datafield ind1="1" ind2="4" tag="780"><subfield code="t">Hinsdale tribune</subfield><subfield code="w">(DLC)sn 86075251</subfield></datafield><datafield ind1="1" ind2="4" tag="780"><subfield code="t">Saco independent</subfield><subfield code="w">(DLC)sn 86075253</subfield></datafield></record>